@inproceedings{GRG96,
 author = {Gutwin, Carl and Roseman, Mark and Greenberg, Saul},
 title = {{A Usability Study of Awareness Widgets in a Shared Workspace Groupware System}},
 booktitle = {Proceedings of the 1996 ACM conference on Computer supported cooperative work},
 series = {CSCW '96},
 year = {1996},
 isbn = {0-89791-765-0},
 location = {Boston, Massachusetts, United States},
 pages = {258--267},
 numpages = {10},
 doi = {10.1145/240080.240298},
 acmid = {240298},
 publisher = {ACM},
 address = {New York, NY, USA},
 keywords = {shared workspaces, usability study, workspace awareness},
} 

@book{Neisser76,
  title={{Cognition \& Reality: Principles and Implications of Cognitive Psychology}},
  author={Neisser, U.},
  isbn={9780716704782},
  lccn={76024813},
  series={Books in psychology},
  year={1976},
  publisher={Freeman}
}

@inproceedings{GG96,
 author = {Gutwin, Carl and Greenberg, Saul},
 title = {{Workspace Awareness for Groupware}},
 booktitle = {Conference Companion on Human Factors in Computing Systems},
 series = {CHI '96},
 year = {1996},
 isbn = {0-89791-832-0},
 location = {Vancouver, British Columbia, Canada},
 pages = {208--209},
 numpages = {2},
 doi = {10.1145/257089.257284},
 acmid = {257284},
 publisher = {ACM},
 address = {New York, NY, USA},
}

@inproceedings{GGR96,
 author = {Gutwin, Carl and Greenberg, Saul and Roseman, Mark},
 title = {{Workspace Awareness in Real-Time Distributed Groupware: Framework, Widgets, and Evaluation}},
 booktitle = {Proceedings of HCI on People and Computers XI},
 series = {HCI '96},
 year = {1996},
 isbn = {3-540-76069-5},
 pages = {281--298},
 numpages = {18},
 acmid = {702625},
 publisher = {Springer-Verlag},
 address = {London, UK, UK},
}

@inproceedings{MCMM91,
 author = {McCarthy, John C. and Miles, Victoria C. and Monk, Andrew F.},
 title = {{An Experimental Study of Common Ground in Text-based Communication}},
 booktitle = {Proceedings of the SIGCHI Conference on Human Factors in Computing Systems},
 series = {CHI '91},
 year = {1991},
 isbn = {0-89791-383-3},
 location = {New Orleans, Louisiana, United States},
 pages = {209--215},
 numpages = {7},
 doi = {10.1145/108844.108890},
 acmid = {108890},
 publisher = {ACM},
 address = {New York, NY, USA},
} 

@article{GG02,
 author = {Gutwin,  Carl and Greenberg,  Saul},
 title = {{A Descriptive Framework of Workspace Awareness for Real-Time Groupware}},
 journal = {Comput. Supported Coop. Work},
 issue_date = {2002},
 volume = {11},
 number = {3},
 month = nov,
 year = {2002},
 issn = {0925-9724},
 pages = {411--446},
 numpages = {36},
 doi = {10.1023/A:1021271517844},
 acmid = {586339},
 publisher = {Kluwer Academic Publishers},
 address = {Norwell, MA, USA},
} 

@inproceedings{Herbsleb07,
 author = {Herbsleb, James D.},
 title = {{Global Software Engineering: The Future of Socio-technical Coordination}},
 booktitle = {2007 Future of Software Engineering},
 series = {FOSE '07},
 year = {2007},
 isbn = {0-7695-2829-5},
 pages = {188--198},
 numpages = {11},
 doi = {10.1109/FOSE.2007.11},
 acmid = {1254718},
 publisher = {IEEE Computer Society},
 address = {Washington, DC, USA},
}

 BibTeX | EndNote | ACM Ref

@inproceedings{HG99,
 author = {Herbsleb, James D. and Grinter, Rebecca E.},
 title = {{Splitting the Organization and Integrating the Code: Conway's Law Revisited}},
 booktitle = {Proceedings of the 21st international conference on Software engineering},
 series = {ICSE '99},
 year = {1999},
 isbn = {1-58113-074-0},
 location = {Los Angeles, California, United States},
 pages = {85--95},
 numpages = {11},
 doi = {10.1145/302405.302455},
 acmid = {302455},
 publisher = {ACM},
 address = {New York, NY, USA},
 keywords = {collaboration, coordination, qualitative research, systems integration},
} 


BibTeX | EndNote | ACM Ref

@article{Parnas72,
 author = {Parnas, D. L.},
 title = {{On the Criteria to be Used in Decomposing Systems into Modules}},
 journal = {Commun. ACM},
 issue_date = {Dec. 1972},
 volume = {15},
 number = {12},
 month = dec,
 year = {1972},
 issn = {0001-0782},
 pages = {1053--1058},
 numpages = {6},
 doi = {10.1145/361598.361623},
 acmid = {361623},
 publisher = {ACM},
 address = {New York, NY, USA},
 keywords = {KWIC index, modularity, modules, software, software design, software engineering},
} 

@article{Conway68,
  author = {Conway, M.E.},
  description = {http://www.melconway.com/law/index.html},
  interhash = {4ee7abb132de079ddc5c42708149494e},
  intrahash = {e0328a2e264b4ab6926d786476b890ba},
  journal = {Datamation},
  keywords = {social-factors software-engineering},
  number = 4,
  pages = {28--31},
  timestamp = {2008-09-01T18:59:19.000+0200},
  title = {{How Do Committees Invent}},
  volume = 14,
  year = 1968
}

@inproceedings{Grudin88,
 author = {Grudin, Jonathan},
 title = {{Why CSCW Applications Fail: Problems in the Design and Evaluation of Organizational Interfaces}},
 booktitle = {Proceedings of the 1988 ACM conference on Computer-supported cooperative work},
 series = {CSCW '88},
 year = {1988},
 isbn = {0-89791-282-9},
 location = {Portland, Oregon, United States},
 pages = {85--93},
 numpages = {9},
 doi = {10.1145/62266.62273},
 acmid = {62273},
 publisher = {ACM},
 address = {New York, NY, USA},
}

@Book{Thompson67,
author = { Thompson, James D. },
title = {{Organizations in Action: Social Science Bases of Administrative Theory}},
isbn = { 0070643806 },
publisher = { McGraw-Hill, New York : },
pages = { xi, 192 p ; },
year = { 1967 },
type = { Book },
language = { English },
subjects = { Industrial organization. },
life-dates = { 1967 -  },
catalogue-url = { http://nla.gov.au/nla.cat-vn1106673 },
}

@book{Clark96,
  author = {Clark, H.H.},
  isbn = {0521567459},
  keywords = {1996 clark language using},
  month = may,
  publisher = {Cambridge University Press},
  timestamp = {2010-04-01T11:02:48.000+0200},
  title = {{Using Language}},
  year = 1996
}

@ARTICLE{TV10, 
author={Tilkov, S. and Vinoski, S.}, 
journal={Internet Computing, IEEE}, title={Node.js: Using JavaScript to Build High-Performance Network Programs}, 
year={2010}, 
month={nov.-dec. }, 
volume={14}, 
number={6}, 
pages={80 -83}, 
keywords={Node.js;concurrent program;event-driven programming model;high performance network program;mainstream multithreading;server-side JavaScript space;Java;}, 
doi={10.1109/MIC.2010.145}, 
ISSN={1089-7801},}

@inproceedings{SIRM07,
    hal_id = {inria-00129222},
    title = {{New Work Modes For Collaborative Writing}},
    author = {Skaf-Molli, Hala and Ignat, Claudia and Rahhal, Charbel and Molli, Pascal},
    affiliation = {ECOO - INRIA Lorraine - LORIA},
    booktitle = {{International Conference on Enterprise Information Systems and Web Technologies - EISWT-07}},
    publisher = {ISRST},
    pages = {176-182},
    address = {Orlando, {\'E}tats-Unis},
    editor = {Bobby Granville, Narayana Swamy Kutti, Michele Missikoff and Ngoc Thanh Nguyen },
    note = {ISBN : 978-0-9727412-4-8 },
    audience = {internationale },
    year = {2007},
    month = Jul,
}
@inproceedings{Dourish:1992:ACS:143457.143468,
 author = {Dourish, Paul and Bellotti, Victoria},
 title = {Awareness and coordination in shared workspaces},
 booktitle = {Proceedings of the 1992 ACM conference on Computer-supported cooperative work},
 series = {CSCW '92},
 year = {1992},
 isbn = {0-89791-542-9},
 location = {Toronto, Ontario, Canada},
 pages = {107--114},
 numpages = {8},
 url = {http://doi.acm.org/10.1145/143457.143468},
 doi = {10.1145/143457.143468},
 acmid = {143468},
 publisher = {ACM},
 address = {New York, NY, USA},
 keywords = {awareness, coordination, information sharing, shared feedback, shared workspaces},
} 

